% This file was created with Citavi 5.1.0.0

@article{Bellman.1957,
 author = {Bellman, R. and Kalaba, R.},
 year = {1957},
 title = {On the role of dynamic programming in statistical communication theory},
 url = {http://ieeexplore.ieee.org/iel5/4547527/22766/01057416.pdf?arnumber=1057416},
 keywords = {Communication channels;Decision procedures;dynamic programming;Equations;Filters;Functional programming;Gaussian noise;Information theory;Sequential analysis;Signal processing;Stochastic processes;Stochastic systems;Taylor series},
 pages = {197--203},
 volume = {3},
 number = {3},
 issn = {0096-1000},
 journal = {IRE Transactions on Information Theory},
 doi = {10.1109/TIT.1957.1057416}
}


@article{Lau.2010,
 author = {Lau, Boris and Sprunk, Christoph and Burgard, Wolfram},
 year = {2010},
 title = {Improved updating of Euclidean distance maps and Voronoi diagrams},
 url = {http://ieeexplore.ieee.org/iel5/5639431/5648787/05650794.pdf?arnumber=5650794},
 keywords = {brushfire algorithm;collision avoidance;computational geometry;concave programming;dynamic Voronoi diagram;Euclidean distance map;grid map;mobile robots;nonconvex obstacle;robot dynamics;skeletonization-based approach},
 pages = {281--286},
 doi = {10.1109/IROS.2010.5650794}
}


@article{Dolgov.2010,
 author = {Dolgov, Dmitri and Thrun, Sebastian and Montemerlo, Michael and Diebel, James},
 year = {2010},
 title = {Path Planning for Autonomous Vehicles in Unknown Semi-structured Environments},
 pages = {485--501},
 volume = {29},
 number = {5},
 issn = {1741-3176},
 journal = {The International Journal of Robotics Research},
 doi = {10.1177/0278364909359210}
}


@book{Choi.2010,
 author = {Choi, Sunglok and Lee, Jae-Yeong and Yu, Wonpil},
 year = {2010},
 title = {Fast any-angle path planning on grid maps with non-collision pruning},
 url = {http://ieeexplore.ieee.org/iel5/5720496/5723286/05723473.pdf?arnumber=5723473},
 keywords = {Acceleration;any-angle path planning;Biological system modeling;Bresenham algorithm;cell expansion;collision avoidance;collision test;Cost function;Euclidean distance;grid maps;mobile robots;noncollision pruning;over-cautious pruning;path planning;roads;robots;Theta;zig-zag pattern},
 publisher = {IEEE},
 isbn = {978-1-4244-9319-7},
 doi = {10.1109/ROBIO.2010.5723473}
}


@book{Rufli.2009,
 author = {Rufli, Martin and Ferguson, Dave and Siegwart, Roland},
 year = {2009},
 title = {Smooth path planning in constrained environments},
 url = {http://ieeexplore.ieee.org/iel5/5076472/5152175/05152506.pdf?arnumber=5152506},
 keywords = {Indoor environments;Lattices;mobile robots;navigation;Orbital robotics;path planning;remotely operated vehicles;Robotics and automation;USA Councils;Vehicle dynamics},
 publisher = {IEEE},
 isbn = {978-1-4244-2788-8},
 doi = {10.1109/ROBOT.2009.5152506}
}


@article{Dolgov.2009,
 author = {Dolgov, Dmitri and Thrun, Sebastian},
 year = {2009},
 title = {Autonomous driving in semi-structured environments: Mapping and planning},
 url = {http://ieeexplore.ieee.org/iel5/5076472/5152175/05152682.pdf?arnumber=5152682},
 keywords = {path planning;Robustness},
 pages = {3407--3414},
 doi = {10.1109/ROBOT.2009.5152682}
}


@book{Cormen.2009,
 author = {Cormen, Thomas H.},
 year = {2009},
 title = {Introduction to algorithms},
 keywords = {Algorithmentheorie;Algorithmische Programmierung;Algoritmen;Computer algorithms;Computer programming;COMPUTERS},
 address = {Cambridge, Mass.},
 edition = {3rd ed.},
 publisher = {{MIT Press}},
 isbn = {1628709138}
}


@book{Ziegler.2008,
 author = {Ziegler, Jens and Werling, Moritz and Schroder, Jochen},
 year = {2008},
 title = {Navigating car-like robots in unstructured environments using an obstacle sensitive cost function},
 url = {http://ieeexplore.ieee.org/iel5/4607789/4621124/04621302.pdf?arnumber=4621302},
 keywords = {AnnieWAY;automobiles;autonomous car;car-like robots;closed loop controller;closed loop systems;Control systems;Cost function;DARPA;feedforward;Feeds;graph search problem;graph theory;high definition laser range scanner;kinematic constraints;Kinematics;mobile robots;navigation;obstacle sensitive cost function;path planning;robot kinematics;Robot sensing systems;Robotics and automation;search problems;Space vehicles;Topology;unstructured Environments},
 publisher = {IEEE},
 isbn = {978-1-4244-2568-6},
 doi = {10.1109/IVS.2008.4621302}
}


@article{Urmson.2008,
 author = {Urmson, Chris and Anhalt, Joshua and Bagnell, Drew and Baker, Christopher and Bittner, Robert and Clark, M. N. and Dolan, John and Duggins, Dave and Galatali, Tugrul and Geyer, Chris and Gittleman, Michele and Harbaugh, Sam and Hebert, Martial and Howard, Thomas M. and Kolski, Sascha and Kelly, Alonzo and Likhachev, Maxim and McNaughton, Matt and Miller, Nick and Peterson, Kevin and Pilnick, Brian and Rajkumar, Raj and Rybski, Paul and Salesky, Bryan and Seo, Young-Woo and Singh, Sanjiv and Snider, Jarrod and Stentz, Anthony and Whittaker, William ``Red'' and Wolkowicki, Ziv and Ziglar, Jason and Bae, Hong and Brown, Thomas and Demitrish, Daniel and Litkouhi, Bakhtiar and Nickolaou, Jim and Sadekar, Varsha and Zhang, Wende and Struble, Joshua and Taylor, Michael and Darms, Michael and Ferguson, Dave},
 year = {2008},
 title = {Autonomous driving in urban environments: Boss and the Urban Challenge},
 pages = {425--466},
 volume = {25},
 number = {8},
 issn = {15564959},
 journal = {Journal of Field Robotics},
 doi = {10.1002/rob.20255}
}


@book{Skiena.2008,
 author = {Skiena, Steven S.},
 year = {2008},
 title = {The algorithm design manual},
 price = {No price},
 address = {London},
 edition = {2nd ed.},
 publisher = {Springer},
 isbn = {1848000707}
}


@article{Montemerlo.2008,
 author = {Montemerlo, Michael and Becker, Jan and Bhat, Suhrid and Dahlkamp, Hendrik and Dolgov, Dmitri and Ettinger, Scott and Haehnel, Dirk and Hilden, Tim and Hoffmann, Gabe and Huhnke, Burkhard and Johnston, Doug and Klumpp, Stefan and Langer, Dirk and Levandowski, Anthony and Levinson, Jesse and Marcil, Julien and Orenstein, David and Paefgen, Johannes and Penny, Isaac and Petrovskaya, Anna and Pflueger, Mike and Stanek, Ganymed and Stavens, David and Vogt, Antone and Thrun, Sebastian},
 year = {2008},
 title = {Junior: The Stanford entry in the Urban Challenge},
 pages = {569--597},
 volume = {25},
 number = {9},
 issn = {1556-4967},
 journal = {Journal of Field Robotics}
}


@article{Miller.2008,
 author = {Miller, Isaac and Campbell, Mark and Huttenlocher, Dan and Kline, Frank-Robert and Nathan, Aaron and Lupashin, Sergei and Catlin, Jason and Schimpf, Brian and Moran, Pete and Zych, Noah and Garcia, Ephrahim and Kurdziel, Mike and Fujishima, Hikaru},
 year = {2008},
 title = {Team Cornell's Skynet: Robust perception and planning in an urban environment},
 pages = {493--527},
 volume = {25},
 number = {8},
 issn = {15564959},
 journal = {Journal of Field Robotics},
 doi = {10.1002/rob.20253}
}


@article{Kuwata.2008,
 author = {Kuwata, Yoshiaki and Fiore, Gaston A. and Teo, Justin and Frazzoli, Emilio and How, Jonathan P.},
 year = {2008},
 title = {Motion planning for urban driving using RRT},
 url = {http://ieeexplore.ieee.org/iel5/4637508/4650570/04651075.pdf?arnumber=4651075},
 keywords = {heuristic algorithms;Meteorology;MIT DARPA Urban Challenge vehicle;mobile robots;motion planning;path planning;planning;rapidly-exploring random trees;roads;robotic vehicles;robots;trajectory;tree searching;urban driving;vehicles},
 doi = {10.1109/IROS.2008.4651075}
}


@article{Kammel.2008,
 author = {Kammel, S{\"o}ren and Ziegler, Julius and Pitzer, Benjamin and Werling, Moritz and Gindele, Tobias and Jagzent, Daniel and Schr{\"o}der, Joachim and Thuy, Michael and Goebl, Matthias and Hundelshausen, Felix von and Pink, Oliver and Frese, Christian and Stiller, Christoph},
 year = {2008},
 title = {Team AnnieWAY's autonomous system for the 2007 DARPA Urban Challenge},
 pages = {615--639},
 volume = {25},
 number = {9},
 issn = {1556-4967},
 journal = {Journal of Field Robotics}
}


@article{Fletcher.2008,
 author = {Fletcher, Luke and Teller, Seth and Olson, Edwin and Moore, David and Kuwata, Yoshiaki and How, Jonathan and Leonard, John and Miller, Isaac and Campbell, Mark and Huttenlocher, Dan and Nathan, Aaron and Kline, Frank-Robert},
 year = {2008},
 title = {The MIT-Cornell collision and why it happened},
 pages = {775--807},
 volume = {25},
 number = {10},
 issn = {15564959},
 journal = {Journal of Field Robotics},
 doi = {10.1002/rob.20266}
}


@article{Ferguson.2008,
 author = {Ferguson, Dave and Howard, Thomas M. and Likhachev, Maxim},
 year = {2008},
 title = {Motion planning in urban environments Part II},
 keywords = {anomalous on-road scenarios;autonomous SUV;autonomous vehicle navigation;higher-level planners;Lattices;mobile robots;model-predictive trajectory generation algorithm;motion planning;navigation;path planning;planning;position control;road vehicles;roads;trajectory;unstructured planning component;Urban Challenge;urban environments;Vehicle dynamics;vehicles},
 pages = {1070--1076}
}


@article{Ferguson.2008b,
 author = {Ferguson, Dave and Howard, Thomas M. and Likhachev, Maxim},
 year = {2008},
 title = {Motion planning in urban environments Part I},
 keywords = {Approximation methods;autonomous vehicle navigation;complex intervehicle interaction;constrained maneuvers;dynamically feasible action;high-speed operation;large unstructured lots;Mathematical model;mobile robots;model predictive trajectory generation;motion planning;navigation;on-road planning component;path planning;planning;road vehicles;roads;robot dynamics;trajectory;trajectory generator;ultrareliability;urban environment;Vehicle dynamics;vehicles},
 pages = {1063--1069}
}


@article{Ferguson.2008c,
 author = {Ferguson, Dave and Howard, Thomas M. and Likhachev, Maxim},
 year = {2008},
 title = {Motion planning in urban environments},
 pages = {939--960},
 volume = {25},
 number = {11--12},
 issn = {1556-4967},
 journal = {Journal of Field Robotics}
}


@book{Russell.2010,
 author = {Russell, Stuart J. and Norvig, Peter and Davis, Ernest},
 year = {2010},
 title = {Artificial intelligence: A modern approach},
 keywords = {Artificial intelligence},
 address = {Upper Saddle River},
 edition = {3rd ed.},
 publisher = {{Prentice Hall}},
 isbn = {0136042597},
 series = {Prentice Hall series in artificial intelligence}
}


@article{Takei.2010,
 author = {Takei, Ryo and Tsai, Richard and Shen, Haochong and Landa, Yanina},
 year = {2010},
 title = {A practical path-planning algorithm for a simple car: a Hamilton-Jacobi approach},
 url = {http://ieeexplore.ieee.org/iel5/5512481/5530425/05531607.pdf?arnumber=5531607},
 keywords = {Axles;bidirectional micro-car;collision avoidance;finite difference methods;finite difference numerical method;forward moving simple car;Hamilton-Jacobi partial differential equation framework;Jacobian matrices;Mathematics;microrobots;mobile robots;Optimal control;optimal path planning algorithm;partial differential equations;path planning;Turning;vehicles;Wheels},
 pages = {6175--6180},
 doi = {10.1109/ACC.2010.5531607}
}


@misc{.2011,
 date = {2011},
 title = {grid}
}


@misc{Amanatides.2011,
 author = {Amanatides, John and Woo, Andrew and others},
 date = {2011},
 title = {A fast voxel traversal algorithm for ray tracing},
 address = {Toronto}
}


@misc{Mosquet.2015,
 author = {Mosquet, Xavier and Dauner, Thomas and Lang, Nikolaus and Russmann, Michael and Mei-Pochtler, Antonella and Agrawal, Rakshit and Schmieg, Florian},
 date = {2015},
 title = {Revolution in the Driver's Seat: The Road to Autonomous Vehicles},
 url = {https://www.bcgperspectives.com/Images/BCG-Revolution-in-the-Drivers-Seat-Apr-2015_tcm80-186097.pdf},
 keywords = {automotive;consumer insight},
 urldate = {5/12/2016},
 institution = {{The Boston Consulting Group}}
}


@misc{Klemm.2015,
 author = {Klemm, Sebastian and Oberl{\"a}nder, Jan and Hermann, Andreas and Roennau, Arne and Schamm, Thomas and Zollner, J. Marius and Dillmann, R{\"u}diger},
 year = {2015},
 title = {RRT$\ast$-Connect: Faster, asymptotically optimal motion planning},
 keywords = {Algorithm design and analysis;asymptotically-optimal randomized motion planning algorithm;bidirectional approach;bidirectional search;CoCar autonomous vehicle;cost-efficient trajectory generation;HoLLiE service robot;Joining processes;LAURON V multilegged walking robot;legged locomotion;Manipulators;mobile manipulation tasks;path planning;planning;Probabilistic logic;RRT* algorithm;RRT*-Connect algorithm;search problems;Service robots;single-query path planning problems;trajectory control},
 publisher = {IEEE},
 doi = {10.1109/ROBIO.2015.7419012}
}


@misc{Harris.2015,
 author = {Harris, Mark},
 editor = {{IEEE Spectrum}},
 year = {2015},
 title = {Meet Zoox, the Robo-Taxi Start-up Taking on Google and Uber: Exclusive details and images of the stealthy startup's experimental vehicle},
 url = {http://spectrum.ieee.org/transportation/advanced-cars/meet-zoox-the-robotaxi-startup-taking-on-google-and-uber},
 urldate = {5/12/2016}
}


@misc{Bertoncello.2015,
 author = {Bertoncello, Michele and Wee, Dominik},
 year = {2015},
 title = {Ten ways autonomous driving could redefine the automotive world},
 url = {http://www.mckinsey.com/industries/automotive-and-assembly/our-insights/ten-ways-autonomous-driving-could-redefine-the-automotive-world},
 urldate = {5/12/2016}
}


@article{Howard.2014,
 author = {Howard, Thomas and Pivtoraiko, Mihail and Knepper, Ross A. and Kelly, Alonzo},
 year = {2014},
 title = {Model-Predictive Motion Planning: Several Key Developments for Autonomous Mobile Robots},
 url = {http://ieeexplore.ieee.org/iel7/100/6763139/06740036.pdf?arnumber=6740036},
 keywords = {Algorithm design and analysis;arbitrary predictive motion model;autonomous automobiles;autonomous mobile robot planning algorithm;Autonomous vehicles;collision avoidance;computational complexity;computational constraints;Computational modeling;environmental information;field robots;global guidance information;global motion planning;global search graphs;graph theory;heuristic search;local motion planning;local search graphs;Manipulators;mobile manipulators;mobile robots;model-predictive control;model-predictive motion planning;motion control;Motion detection;navigation;offline predictive motion model calibration;onboard computational resources;online predictive motion model calibration;path planning;perception horizon;planetary rovers;predictive control;Predictive models;real-time obstacle avoidance;real-time obstacle navigation;recombinant search space;robot action consequence prediction;sampling strategies;search problems;temporal constraints;trajectory;trajectory control;trajectory generation framework;trajectory library;uniform distributed state lattice},
 pages = {64--73},
 volume = {21},
 number = {1},
 issn = {1070-9932},
 journal = {IEEE Robotics {\&} Automation Magazine},
 doi = {10.1109/MRA.2013.2294914}
}


@book{Cirillo.2014,
 author = {Cirillo, Marcello and Uras, Tansel and Koenig, S.},
 year = {2014},
 title = {A lattice-based approach to multi-robot motion planning for non-holonomic vehicles},
 url = {http://ieeexplore.ieee.org/iel7/6926644/6942370/06942566.pdf?arnumber=6942566},
 keywords = {autonomous nonholonomic vehicles;centralized coordination;deadlock-free motions;industrial applications;kinematically feasible motions;lattice-based approach;lattice-based motion planning;mobile robots;multirobot motion planning;multirobot systems;multi-robot systems;path planning;planning;robot kinematics;Space exploration;Space vehicles;System recovery;trajectory control;vehicle trajectories},
 publisher = {IEEE},
 doi = {10.1109/IROS.2014.6942566}
}


@misc{Robotin.2013,
 author = {Robotin, Radu and Lazea, Gheorghe and Dobra, Petru},
 year = {2013},
 title = {Mobile Robot Navigation Using Graph Search Techniques over an Approximate Cell Decomposition of the Free Space},
 url = {http://link.springer.com/content/pdf/10.1007%2F978-3-642-32548-9_10.pdf},
 publisher = {{Springer Berlin Heidelberg}},
 doi = {10.1007/978-3-642-32548-9{\textunderscore }10}
}


@phdthesis{Mengana.2013,
 author = {Mengana, Bashar},
 year = {2013},
 title = {Path Planning for Autonomous Heavy Duty Vehicles in Unknown Environments, using Graph Search},
 address = {Stockholm, Sweden},
 publisher = {Computer Science and Communication},
 school = {{KTH~Royal Institute of Technology}}
}


@article{Dolgov.2008,
 author = {Dolgov, Dmitri and Thrun, Sebastian and Montemerlo, Michael and Diebel, James},
 year = {2008},
 title = {Practical Search Techniques in Path Planning for Autonomous Driving}
}


@phdthesis{Werling.2012,
 author = {Werling, Moritz},
 year = {2012},
 title = {Ein neues Konzept f{\"u}r die Trajektoriengenerierung und -stabilisierung in zeitkritischen Verkehrsszenarien},
 school = {{Karlsruher Institut f{\"u}r Technologie}},
 doi = {10.1524/auto.2012.0970}
}


@article{Chu.2012,
 author = {Chu, Keonyup and Lee, Minchae and Sunwoo, Myoungho},
 year = {2012},
 title = {Local Path Planning for Off-Road Autonomous Driving With Avoidance of Static Obstacles},
 url = {http://ieeexplore.ieee.org/iel5/6979/6357363/06203588.pdf?arnumber=6203588},
 keywords = {autonomous vehicle;autonomous vehicle competition;autonomous vehicle path planning;collision avoidance;curvilinear coordinate system;Hyundai-Kia automotive group;Korea;local path planning;mobile robots;nonholonomic constraints;obstacle avoidance;off-road autonomous driving;off-road vehicles;path consistency;path planning;path safety cost;path smoothness;real-time path planning;real-time path-planning algorithm;real-time systems;static obstacle avoidance;static obstacles},
 pages = {1599--1616},
 volume = {13},
 number = {4},
 issn = {1524-9050},
 journal = {Intelligent Transportation Systems, IEEE Transactions on},
 doi = {10.1109/TITS.2012.2198214}
}


@book{.2012,
 year = {2012},
 title = {The 4th Workshop on Planning, Perception and Navigation for Intelligent Vehicles, October 7th, 2012 Vilamoura, Algarve, Portugal},
 isbn = {978-1-4673-4437-1},
 series = {Workshop on Planning, Perception and Navigation for Intelligent Vehicles}
}


@article{McNaughton.2011,
 author = {McNaughton, Matthew and Urmson, Chris and Dolan, John M. and Lee, Jin-Woo},
 year = {2011},
 title = {Motion planning for autonomous driving with a conformal spatiotemporal lattice},
 url = {http://ieeexplore.ieee.org/iel5/5967842/5979525/05980223.pdf?arnumber=5980223},
 keywords = {Acceleration;autonomous highway driving;autonomous passenger vehicle;computer graphic equipment;conformal spatiotemporal lattice;coprocessors;Cost function;GPU;lane change;Lattices;low-level trajectory planner;mobile robots;motion planning;path planning;planetary rover navigation;planetary rovers;planning;public roadway;remotely operated vehicles;road vehicles;roads;search problems;search space representation;spatiotemporal phenomena;state lattice framework;structured environment;trajectory;vehicles},
 pages = {4889--4895},
 doi = {10.1109/ICRA.2011.5980223}
}


@proceedings{Matsuoka.2011,
 year = {2011},
 title = {Robotics: Science and systems VI /   edited by Yoky Matsuoka, Hugh Durrant-Whyte, and Jos{\'e} Neira},
 price = {{\pounds}55.00},
 address = {Cambridge, MA},
 volume = {06},
 publisher = {{MIT Press}},
 isbn = {9780262516815},
 editor = {Matsuoka, Yoky and Durrant-Whyte, Hugh F. and Neira, Jos{\'e}}
}


@book{Levinson.2011,
 author = {Levinson, J. and Askeland, J. and Becker, J. and Dolson, J. and Held, D. and Kammel, S. and Kolter, J. Z. and Langer, D. and Pink, O. and Pratt, V. and Sokolsky, M. and Stanek, G. and Stavens, D. and Teichman, A. and Werling, M. and Thrun, S.},
 year = {2011},
 title = {Towards fully autonomous driving: Systems and algorithms},
 url = {http://ieeexplore.ieee.org/iel5/5930385/5940387/05940562.pdf?arnumber=5940562},
 keywords = {autonomous driving;Calibration;closed-course competition;computer vision;DARPA urban challenge;environment perception;Laser beams;LIDAR;mobile robots;obstacle classification;obstacle tracking;online localization;planning;planning system;realtime system;recognition algorithm;remotely operated vehicles;robust autonomous operation;robust vehicle platform;Software;software infrastructure;trajectory;unpredictable traffic;Vehicle dynamics;vehicles},
 publisher = {IEEE},
 isbn = {978-1-4577-0890-9},
 doi = {10.1109/IVS.2011.5940562}
}


@article{Kwon.2011,
 author = {Kwon, Hyunki and Chung, Woojin},
 year = {2011},
 title = {Comparative analysis of path planners for a car-like mobile robot in a cluttered environment},
 url = {http://ieeexplore.ieee.org/iel5/6175417/6181246/06181352.pdf?arnumber=6181352},
 keywords = {car parking control problem;car-like mobile robot;cluttered environment;Computational efficiency;Computational modeling;Educational institutions;environmental geometry;Korea University path planner;KPP;mobile robots;nonholonomic constraints;path planning;qualitative analysis;quantitative analysis;random processes;rapidly exploring random tree;road traffic control;roads;robots;RRT scheme;trees (mathematics);vehicles},
 doi = {10.1109/ROBIO.2011.6181352}
}


@inproceedings{Karaman.2011,
 author = {Karaman, S. and Frazzoli, E.},
 title = {Incremental Sampling-based Algorithms for Optimal Motion Planning},
 url = {http://www.roboticsproceedings.org/rss06/p34.pdf},
 volume = {06},
 publisher = {{MIT Press}},
 isbn = {9780262516815},
 editor = {Matsuoka, Yoky and Durrant-Whyte, Hugh F. and Neira, Jos{\'e}},
 booktitle = {Robotics},
 year = {2011},
 address = {Cambridge, MA}
}


@article{Felner.2011,
 author = {Felner, Ariel},
 year = {2011},
 title = {Position Paper: Dijkstra's Algorithm versus Uniform Cost Search or a Case Against Dijkstra's Algorithm},
 keywords = {Full Papers}
}


@incollection{JiWungChoi.2012,
 author = {{Ji-Wung Choi}},
 title = {An Efficient Heuristic Estimate for Non-holonomic Motion Planning},
 pages = {1--6},
 isbn = {978-1-4673-4437-1},
 series = {Workshop on Planning, Perception and Navigation for Intelligent Vehicles},
 booktitle = {The 4th Workshop on Planning, Perception and Navigation for Intelligent Vehicles, October 7th, 2012 Vilamoura, Algarve, Portugal},
 year = {2012}
}


@article{Bohren.2008,
 author = {Bohren, Jonathan and Foote, Tully and Keller, Jim and Kushleyev, Alex and Lee, Daniel and Stewart, Alex and Vernaza, Paul and Derenick, Jason and Spletzer, John and Satterfield, Brian},
 year = {2008},
 title = {Little Ben: The Ben Franklin Racing Team's entry in the 2007 DARPA Urban Challenge},
 pages = {598--614},
 volume = {25},
 number = {9},
 issn = {15564959},
 journal = {Journal of Field Robotics},
 doi = {10.1002/rob.20260}
}


@article{Bacha.2008,
 author = {Bacha, Andrew and Bauman, Cheryl and Faruque, Ruel and Fleming, Michael and Terwelp, Chris and Reinholtz, Charles and Hong, Dennis and Wicks, Al and Alberi, Thomas and {Anderson,, David} and Cacciola, Stephen and {Currier,, Patrick} and Dalton, Aaron and Farmer, Jesse and Hurdus, Jesse and Kimmel, Shawn and King, Peter and Taylor, Andrew and {van Covern}, David and Webster, Mike},
 year = {2008},
 title = {Odin: Team VictorTango's entry in the DARPA Urban Challenge},
 pages = {467--492},
 volume = {25},
 number = {8},
 issn = {15564959},
 journal = {Journal of Field Robotics},
 doi = {10.1002/rob.20248}
}


@article{Sniedovich.2006,
 author = {Sniedovich, Moshe},
 year = {2006},
 title = {Dijkstra's algorithm revisited: the dynamic programming connexion},
 keywords = {Dijkstra's algorithm;dynamic programming;shortest path problem;successive approximation},
 pages = {599--620},
 volume = {35},
 number = {3},
 issn = {0324-8569},
 journal = {Control and Cybernetics}
}


@book{Jacobs.1991,
 author = {Jacobs, Paul and Laumond, Jean-Paul and Ta{\"i}x, Michel},
 year = {1991},
 title = {Efficient motion planners for nonholonomic mobile robots},
 url = {http://ieeexplore.ieee.org/iel2/561/4454/00174668.pdf?arnumber=174668},
 keywords = {car-like robot;collision-free path;Control theory;Equations;geometry;homotopy;Jacobian matrices;lower bound;lower-level geometric planner;mobile robots;motion planning;navigation;nonholonomic mobile robots;Orbital robotics;planning (artificial intelligence);Solid modeling;trajectory;trajectory optimisation;Turning},
 publisher = {IEEE},
 isbn = {0-7803-0067-X},
 doi = {10.1109/IROS.1991.174668}
}


@misc{Aurenhammer.1991,
 author = {Aurenhammer, Franz},
 year = {1991},
 title = {Voronoi diagrams -- a survey of a fundamental geometric data structure}
}


@article{Reeds.1990,
 author = {Reeds, J. A. and Shepp, L. A.},
 year = {1990},
 title = {Optimal paths for a car that goes both forwards and backwards},
 pages = {367--393},
 volume = {145},
 number = {2},
 issn = {0030-8730},
 journal = {Pacific Journal of Mathematics}
}


@book{Jacobs.1989,
 author = {Jacobs, Paul and Canny, John},
 year = {1989},
 title = {Planning smooth paths for mobile robots},
 url = {http://ieeexplore.ieee.org/iel2/242/3146/00099959.pdf?arnumber=99959},
 keywords = {canonical trajectories;Character generation;graph search algorithm;Humans;Jacobian matrices;Kinematics;Laboratories;mobile robots;nonholonomic constraints;Orbital robotics;path planning;plane sweep;quadtree based algorithm;Robustness;search problems;Turning;Wheels},
 publisher = {IEEE},
 isbn = {0-8186-1938-4},
 doi = {10.1109/ROBOT.1989.99959}
}


@article{Chazelle.1987,
 author = {Chazelle, B. and Dobkin, D. P.},
 year = {1987},
 title = {Intersection of convex objects in two and three dimensions},
 pages = {1--27},
 volume = {34},
 number = {1},
 issn = {0004-5411},
 journal = {Journal of the ACM (JACM)},
 doi = {10.1145/7531.24036}
}


@misc{Laumond.1986,
 author = {Laumond, Jean-Paul},
 year = {1986},
 title = {Feasible Trajectories for Mobile Robots with Kinematic and Environment Constraints},
 publisher = {{North-Holland Publishing Co}},
 isbn = {0-444-70168-0}
}


@article{Khatib.1986,
 author = {Khatib, O.},
 year = {1986},
 title = {Real-Time Obstacle Avoidance for Manipulators and Mobile Robots},
 pages = {90--98},
 volume = {5},
 number = {1},
 issn = {0278-3649},
 journal = {The International Journal of Robotics Research},
 doi = {10.1177/027836498600500106}
}


@misc{Hayward.1986,
 author = {Hayward, V.},
 year = {1986},
 title = {Fast collision detection scheme by recursive decomposition of a manipulator workspace},
 url = {http://ieeexplore.ieee.org/iel5/8152/23643/01087620.pdf?arnumber=1087620},
 keywords = {computer vision;Detectors;Laboratories;Manipulators;Performance evaluation;Robot programming;Robot vision systems;Robotics and automation;Solids;Testing},
 volume = {3},
 publisher = {IEEE},
 doi = {10.1109/ROBOT.1986.1087620}
}


@book{Latombe.1991,
 author = {Latombe, Jean-Claude},
 year = {1991},
 title = {Robot Motion Planning},
 keywords = {Artificial intelligence;Computer engineering;computer vision;Engineering},
 address = {Boston, MA},
 volume = {124},
 publisher = {{Springer US}},
 isbn = {1461540224},
 series = {The Springer International Series in Engineering and Computer Science, Robotics: Vision, Manipulation and Sensors}
}


@article{Canny.1986,
 author = {Canny, John},
 year = {1986},
 title = {Collision Detection for Moving Polyhedra},
 url = {http://ieeexplore.ieee.org/iel5/34/4767763/04767773.pdf?arnumber=4767773},
 keywords = {collision detection;Computational modeling;configuration space;Contracts;geometric modeling;graphic simulation;Graphics;Motion detection;motion planning;Object detection;Polynomials;Quaternions;Solid modeling;Space technology;Testing},
 pages = {200--209},
 volume = {PAMI-8},
 number = {2},
 issn = {0162-8828},
 journal = {IEEE Transactions on Pattern Analysis and Machine Intelligence},
 doi = {10.1109/TPAMI.1986.4767773}
}


@article{Brooks.1985,
 author = {Brooks, Rodney A. and Lozano-P{\'e}rez, Tom{\'a}s},
 year = {1985},
 title = {A subdivision algorithm in configuration space for findpath with rotation},
 url = {http://ieeexplore.ieee.org/iel5/21/6313348/06313352.pdf?arnumber=6313352},
 keywords = {Algorithm design and analysis;Artificial intelligence;collision-free paths;configuration space;Cybernetics;findpath;Labeling;planning;polygonal obstacles;position control;recursive cellular representation;robot kinematics;robotics;robots;rotation;Strips;subdivision algorithm},
 pages = {224--233},
 volume = {SMC-15},
 number = {2},
 issn = {0018-9472},
 journal = {IEEE Transactions on Systems, Man, and Cybernetics},
 doi = {10.1109/TSMC.1985.6313352}
}


@article{LozanoPerez.1983,
 author = {Lozano-Perez, T.},
 year = {1983},
 title = {Spatial Planning: A Configuration Space Approach},
 url = {http://ieeexplore.ieee.org/iel5/12/35224/01676196.pdf?arnumber=1676196},
 keywords = {Artificial intelligence;Automatic control;computational geometry;Computer applications;Contracts;Machining;obstacle avoidance;Orbital robotics;path planning;robot kinematics;Robotic assembly;robotics},
 pages = {108--120},
 volume = {C-32},
 number = {2},
 issn = {0018-9340},
 journal = {IEEE Transactions on Computers},
 doi = {10.1109/TC.1983.1676196}
}


@misc{Bollobas.1979,
 author = {Bollob{\'a}s, B{\'e}la},
 year = {1979},
 title = {Fundamentals},
 publisher = {{Springer New York}},
 isbn = {978-1-4612-9967-7}
}


@article{Newell.1976,
 author = {Newell, Allen and Simon, Herbert A.},
 year = {1976},
 title = {Computer science as empirical inquiry: symbols and search},
 keywords = {Artificial intelligence;cognition;Computer science;empirical;heuristics;list processing;problem solving;science;search;symbols;Turing},
 pages = {113--126},
 volume = {19},
 number = {3},
 issn = {0001-0782},
 journal = {Communications of the ACM},
 doi = {10.1145/360018.360022}
}


@article{Hart.1968,
 author = {Hart, Peter E. and Nilsson, Nils J. and Raphael, Bertram},
 year = {1968},
 title = {A Formal Basis for the Heuristic Determination of Minimum Cost Paths},
 url = {http://ieeexplore.ieee.org/iel5/4082035/4082123/04082128.pdf?arnumber=4082128},
 keywords = {Automatic control;Automatic programming;Chemical technology;Costs;Functional programming;Gradient methods;Instruction sets;Mathematical programming;Minimax techniques;Minimization methods},
 pages = {100--107},
 volume = {4},
 number = {2},
 issn = {0536-1567},
 journal = {IEEE Transactions on Systems Science and Cybernetics},
 doi = {10.1109/TSSC.1968.300136}
}


@article{Lee.1961,
 author = {Lee, C. Y.},
 year = {1961},
 title = {An Algorithm for Path Connections and Its Applications},
 url = {http://ieeexplore.ieee.org/iel5/5407885/5219217/05219222.pdf?arnumber=5219222},
 keywords = {Application software;Auditory system;Optical diffraction;Pattern recognition;Physical optics;Telephony;Transportation;Utility programs;Wiring},
 pages = {346--365},
 volume = {EC-10},
 number = {3},
 issn = {0367-9950},
 journal = {IRE Transactions on Electronic Computers},
 doi = {10.1109/TEC.1961.5219222}
}


@article{Dijkstra.1959,
 author = {Dijkstra, E. W.},
 year = {1959},
 title = {A note on two problems in connexion with graphs},
 url = {http://link.springer.com/content/pdf/10.1007%2FBF01386390.pdf},
 pages = {269--271},
 volume = {1},
 number = {1},
 issn = {0945-3245},
 journal = {Numerische Mathematik},
 doi = {10.1007/BF01386390}
}


@article{Dubins.1957,
 author = {Dubins, L. E.},
 year = {1957},
 title = {On Curves of Minimal Length with a Constraint on Average Curvature, and with Prescribed Initial and Terminal Positions and Tangents},
 pages = {497},
 volume = {79},
 number = {3},
 issn = {00029327},
 journal = {American Journal of Mathematics},
 doi = {10.2307/2372560}
}


@misc{Cameron.1985,
 author = {Cameron, S.},
 year = {1985},
 title = {A study of the clash detection problem in robotics},
 url = {http://ieeexplore.ieee.org/iel5/8151/23642/01087245.pdf?arnumber=1087245},
 keywords = {Artificial intelligence;collision avoidance;Graphics;Interference;Motion detection;Object detection;path planning;Robot programming;Shape;Solid modeling},
 volume = {2},
 publisher = {IEEE},
 doi = {10.1109/ROBOT.1985.1087245}
}


@misc{Spanogianopoulos.2015,
 author = {Spanogianopoulos, Sotirios and Sirlantzis, Konstantinos},
 year = {2015},
 title = {Non-holonomic path planning of car-like robot using RRT*FN},
 url = {http://ieeexplore.ieee.org/iel7/7347046/7358803/07358927.pdf?arnumber=7358927},
 keywords = {Aerospace electronics;car-like robot;car-like robots;collision avoidance;mobile robots;navigation;Non-holonomic;nonholonomic constraint;nonholonomic path planning;path planning;RRT*FN;RRT-fixed nodes;static environment;trajectory},
 publisher = {IEEE},
 isbn = {978-1-4673-7969-4},
 doi = {10.1109/URAI.2015.7358927}
}


@article{Shiller.1991,
 author = {Shiller, Z. and Dubowsky, S.},
 year = {1991},
 title = {On computing the global time-optimal motions of robotic manipulators in the presence of obstacles},
 url = {http://ieeexplore.ieee.org/iel4/70/3235/00105387.pdf?arnumber=105387},
 keywords = {actuator constraints;Actuators;branch and bound search;global time-optimal motions;joint limits;Manipulator dynamics;Manipulators;motion planning;nonlinear dynamics;obstacles avoidance;optimisation;optimization;Optimization methods;Orbital robotics;path planning;planning (artificial intelligence);position control;Productivity;Robotics and automation;robots;search problems;Service robots;Space exploration;Switches},
 pages = {785--797},
 volume = {7},
 number = {6},
 issn = {1042-296X},
 journal = {IEEE Transactions on Robotics and Automation},
 doi = {10.1109/70.105387}
}


@article{Laumond.1994,
 author = {Laumond, Jean-Paul and Jacobs, Paul E. and Ta{\"i}x, Michel and Murray, Richard M.},
 year = {1994},
 title = {A motion planner for nonholonomic mobile robots},
 url = {http://ieeexplore.ieee.org/iel4/70/7747/00326564.pdf?arnumber=326564},
 keywords = {collision-free path;completeness;computational complexity;computational geometry;configuration space;geometric planner;induced topology;Jacobian matrices;Manipulators;metric;mobile robots;motion planning;nonholonomic mobile robots;optimisation;Orbital robotics;path planning;polygonal obstacles;Solid modeling;Space technology;Topology;Turning},
 pages = {577--593},
 volume = {10},
 number = {5},
 issn = {1042-296X},
 journal = {Robotics and Automation, IEEE Transactions on},
 doi = {10.1109/70.326564}
}


@book{LaValle.2006,
 author = {LaValle, Steven Michael},
 year = {2006},
 title = {Planning algorithms},
 address = {Cambridge},
 publisher = {{Cambridge University Press}},
 isbn = {0521862051}
}


@book{Knepper.2006,
 author = {Knepper, Ross A. and Kelly, Alonzo},
 year = {2006},
 title = {High Performance State Lattice Planning Using Heuristic Look-Up Tables},
 keywords = {A* algorithm;Cost function;Euclidean distance;heuristic;heuristic algorithms;heuristic look-up tables;heuristic programming;heuristic search algorithm;Intelligent robots;Lattices;mobile robot;motion planning;nonholonomic;path planning;search problems;state lattice;state lattice planning;state space motion planning;state-space methods;Table lookup;vehicles},
 publisher = {IEEE},
 isbn = {1-4244-0258-1}
}


@article{Schwarzer.2005,
 author = {Schwarzer, F. and Saha, M. and Latombe, J.-C.},
 year = {2005},
 title = {Adaptive dynamic collision checking for single and multiple articulated robots in complex environments},
 url = {http://ieeexplore.ieee.org/iel5/8860/30927/01435478.pdf?arnumber=1435478},
 keywords = {adaptive dynamic collision checking;Arm;collision avoidance;Collision checking;complex environments;Computer science;c-space;distance computation;Graphics;Laboratories;manipulator arms;Manipulators;mobile robots;motion planning;multiple articulated robots;multirobot systems;multi-robot systems;path segment testing;probabilistic roadmap planning;probabilistic roadmaps;Road accidents;robotics;robots;Sampling methods;sampling resolution;single articulated robots;static collision detection;Testing;Upper bound},
 pages = {338--353},
 volume = {21},
 number = {3},
 issn = {1552-3098},
 journal = {IEEE Transactions on Robotics},
 doi = {10.1109/TRO.2004.838012}
}


@misc{RomeroMelendez.2005,
 author = {Romero-Melendez, C. and Monroy-Perez, F. and Vazquez-Gonzalez, B.},
 year = {2005},
 title = {Complexity and path planning for a car-like robot},
 url = {http://ieeexplore.ieee.org/iel5/10241/32659/01529670.pdf?arnumber=1529670},
 keywords = {admissible trajectory;car-like robot;computational complexity;computational geometry;control strategy;Control systems;geometric control technique;metric complexity;mobile robots;motion control;motion planning;motion planning problem;Numerical models;Orbital robotics;path planning;robots;Topology;trajectory},
 publisher = {IEEE},
 isbn = {0-7803-9230-2},
 doi = {10.1109/ICEEE.2005.1529670}
}


@misc{Likhachev.2005,
 author = {Likhachev, Maxim and Ferguson, Dave and Gordon, Geoff and Stentz, Anthony and Thrun, Sebastian},
 date = {2005},
 title = {Anytime Dynamic A*: An Anytime, Replanning Algorithm},
 keywords = {American Association for Artificial Intelligence. All rights reserved.;Copyright {\copyright} 2005}
}


@book{Ericson.2005,
 author = {Ericson, Christer},
 year = {2005},
 title = {Real-time collision detection},
 price = {No price},
 address = {Amsterdam and London},
 publisher = {Elsevier},
 isbn = {1558607323},
 series = {Morgan Kaufmann series in interactive 3D technology}
}


@article{Koenig.2004,
 author = {Koenig, Sven and Likhachev, Maxim and Furcy, David},
 year = {2004},
 title = {Lifelong Planning A*},
 pages = {93--146},
 volume = {155},
 number = {1-2},
 issn = {00043702},
 journal = {Artificial Intelligence},
 doi = {10.1016/j.artint.2003.12.001}
}


@book{Boyd.2004,
 author = {Boyd, Stephen P. and Vandenberghe, Lieven},
 year = {2004},
 title = {Convex optimization},
 address = {Cambridge},
 publisher = {{Cambridge University Press}},
 isbn = {0521833787}
}


@book{Boissonnat.1992,
 author = {Boissonnat, Jean-Daniel and C{\'e}r{\'e}zo, Andr{\'e} and Leblond, Juliette},
 year = {1992},
 title = {Shortest paths of bounded curvature in the plane},
 url = {http://ieeexplore.ieee.org/iel2/399/5764/00220117.pdf?arnumber=220117},
 keywords = {bounded curvature;Clocks;Control systems;cusps;Gears;geometry;minimisation;minimum principle;motion planning;Optimal control;Rail transportation;robots;shortest paths},
 publisher = {IEEE},
 isbn = {0-8186-2720-4},
 doi = {10.1109/ROBOT.1992.220117}
}


@misc{Urmson.2003,
 author = {Urmson, C. and Simmons, R.},
 year = {2003},
 title = {Approaches for heuristically biasing RRT growth},
 url = {http://ieeexplore.ieee.org/iel5/8832/27959/01248805.pdf?arnumber=1248805},
 keywords = {Convergence;Cost function;Helicopters;heuristic quality function;mobile robots;Orbital robotics;path planning;Probability distribution;rapidly-exploring random tree search algorithm;search guide;Space exploration;tree searching;USA Councils},
 volume = {2},
 publisher = {IEEE},
 isbn = {0-7803-7860-1},
 doi = {10.1109/IROS.2003.1248805}
}


@book{Koenig.2002,
 author = {Koenig, Sven and Likhachev, Maxim},
 year = {2002},
 title = {Improved fast replanning for robot navigation in unknown terrain},
 url = {http://ieeexplore.ieee.org/iel5/7916/21826/01013481.pdf?arnumber=1013481},
 keywords = {Costs;D*-like replanning algorithms;directed graphs;Educational institutions;fast replanning;Focussed Dynamic A* heuristic search method;Focussed Dynamic A* Lite;Land vehicles;mobile robots;motion planning;navigation;path planning;Prototypes;robot kinematics;robot navigation;Search methods;search problems;shortest path;Software prototyping;unknown terrain},
 volume = {1},
 publisher = {IEEE},
 isbn = {0-7803-7272-7},
 doi = {10.1109/ROBOT.2002.1013481}
}


@article{Lamiraux.2001,
 author = {Lamiraux, F. and Lammond, J.-P.},
 year = {2001},
 title = {Smooth motion planning for car-like vehicles},
 url = {http://ieeexplore.ieee.org/iel5/70/20648/00954762.pdf?arnumber=954762},
 keywords = {3D system;4D system;Angular velocity;car-like vehicles;collision avoidance;collision-free motions;Control systems;curvature constraints;global motion planning scheme;Kinematics;mobile robots;motion planning;Plugs;robot kinematics;Shape control;smooth motion planning;Smoothing methods;steering method;Turning;vehicles},
 pages = {498--501},
 volume = {17},
 number = {4},
 issn = {1042-296X},
 journal = {IEEE Transactions on Robotics and Automation},
 doi = {10.1109/70.954762}
}


@article{Bohlin.2000,
 author = {Bohlin, R. and Kavraki, L. E.},
 year = {2000},
 title = {Path planning using lazy PRM},
 url = {http://ieeexplore.ieee.org/iel5/6794/18235/00844107.pdf?arnumber=844107},
 keywords = {Animation;collision avoidance;collision checks;collision-free path;Joining processes;lazy PRM;Manufacturing automation;Manufacturing processes;Mathematics;mobile robots;Orbital robotics;path planning;probabilistic roadmap planners;probability;Random number generation;randomly generated nodes;Road accidents;robots;shortest path;single planning queries;user-defined configurations},
 pages = {521-528 vol.1},
 volume = {1},
 doi = {10.1109/ROBOT.2000.844107}
}


@article{Lavalle.1999,
 author = {Lavalle, S. M. and Kuffner, J. J.},
 year = {1999},
 title = {Randomized kinodynamic planning},
 url = {http://ieeexplore.ieee.org/iel5/6243/16683/00770022.pdf?arnumber=770022},
 keywords = {artificial satellites;Computer science;configuration space;hovercrafts;Kinematics;kinodynamic planning;mobile robots;nonholonomic planning;obstacle avoidance;Orbital robotics;path planning;random processes;random trees;randomized path planning;robot dynamics;Space exploration;state-space;state-space methods;trajectory;trees (mathematics);Vehicle dynamics;Velocity control},
 pages = {473-479 vol.1},
 volume = {1},
 doi = {10.1109/ROBOT.1999.770022}
}


@article{Lavalle.1998,
 author = {Lavalle, S. M.},
 year = {1998},
 title = {Rapidly-Exploring Random Trees:~A New~Tool for Path Planning}
}


@book{Laumond.1998,
 author = {Laumond, J. P. and Sekhavat, S. and Lamiraux, F.},
 year = {1998},
 title = {Guidelines in nonholonomic motion planning for mobile robots},
 publisher = {{Springer Berlin Heidelberg}},
 isbn = {978-3-540-40917-5},
 doi = {10.1007/BFb0036070}
}


@article{Ponamgi.1997,
 author = {Ponamgi, M. K. and Manocha, D. and Lin, M. C.},
 year = {1997},
 title = {Incremental algorithms for collision detection between polygonal models},
 url = {http://ieeexplore.ieee.org/iel1/2945/12636/00582346.pdf?arnumber=582346},
 keywords = {Animation;Application software;closest feature tracking;Coherence;collision detection;Computational modeling;Computer aided manufacturing;computer animation;computer-simulated environments;contact regions;convex hulls;Design automation;Detection algorithms;digital simulation;dynamic environments;geometric modeling;hierarchical representation;incremental algorithms;interacting object features;object penetration;path planning;physically based modeling;polygonal models;precomputed hierarchy;pseudo internal Voronoi cells;robotics;robots;Solid modeling;solid modelling;successive instance coherence;Vehicle dynamics;Virtual prototyping;virtual reality},
 pages = {51--64},
 volume = {3},
 number = {1},
 issn = {1077-2626},
 journal = {IEEE Transactions on Visualization and Computer Graphics},
 doi = {10.1109/2945.582346}
}


@misc{Stentz.1994,
 author = {Stentz, A.},
 year = {1994},
 title = {Optimal and efficient path planning for partially-known environments},
 url = {http://ieeexplore.ieee.org/iel2/941/8081/00351061.pdf?arnumber=351061},
 keywords = {changing environments;computational complexity;Cost function;D* algorithm;efficient path planning;exploratory robot;mobile robot;mobile robots;motion planning;optimal path planning;optimisation;Orbital robotics;partially-known environments;path planning;planning trajectories;Regions;Robot sensing systems;State estimation;state-space methods;trajectory;unknown environments},
 publisher = {IEEE},
 isbn = {0-8186-5330-2},
 doi = {10.1109/ROBOT.1994.351061}
}


@book{Bellman.2003,
 author = {Bellman, Richard},
 year = {2003},
 title = {Dynamic programming},
 keywords = {dynamic programming;Dynamische Optimierung;Entscheidungsprozess;Mathematics;Programa{\c{c}}{\~a}o din{\^a}mica},
 address = {Mineola, N.Y.},
 edition = {Dover ed.},
 publisher = {{Dover Publications}},
 isbn = {0486317196}
}


@phdthesis{Werling.2015,
 author = {Werling, Moritz},
 year = {2015},
 title = {Optimale Fahreingriffe f{\"u}r Sicherheits- und Komfortsysteme}
}